%YAML 1.1
%TAG !u! tag:unity3d.com,2011:
--- !u!1 &2288890644419887544
GameObject:
  m_ObjectHideFlags: 0
  m_CorrespondingSourceObject: {fileID: 0}
  m_PrefabInstance: {fileID: 0}
  m_PrefabAsset: {fileID: 0}
  serializedVersion: 6
  m_Component:
  - component: {fileID: 8255469185770758200}
  - component: {fileID: 9027456681157646472}
  m_Layer: 0
  m_Name: menu_music
  m_TagString: Untagged
  m_Icon: {fileID: 0}
  m_NavMeshLayer: 0
  m_StaticEditorFlags: 0
  m_IsActive: 1
--- !u!224 &8255469185770758200
RectTransform:
  m_ObjectHideFlags: 0
  m_CorrespondingSourceObject: {fileID: 0}
  m_PrefabInstance: {fileID: 0}
  m_PrefabAsset: {fileID: 0}
  m_GameObject: {fileID: 2288890644419887544}
  m_LocalRotation: {x: 0, y: 0, z: 0, w: 1}
  m_LocalPosition: {x: 0, y: 0, z: 0}
  m_LocalScale: {x: 1, y: 1, z: 1}
  m_Children: []
  m_Father: {fileID: 5551379093534579921}
  m_RootOrder: 2
  m_LocalEulerAnglesHint: {x: 0, y: 0, z: 0}
  m_AnchorMin: {x: 0.5, y: 0.5}
  m_AnchorMax: {x: 0.5, y: 0.5}
  m_AnchoredPosition: {x: 0, y: 0}
  m_SizeDelta: {x: 100, y: 100}
  m_Pivot: {x: 0.5, y: 0.5}
--- !u!82 &9027456681157646472
AudioSource:
  m_ObjectHideFlags: 0
  m_CorrespondingSourceObject: {fileID: 0}
  m_PrefabInstance: {fileID: 0}
  m_PrefabAsset: {fileID: 0}
  m_GameObject: {fileID: 2288890644419887544}
  m_Enabled: 1
  serializedVersion: 4
  OutputAudioMixerGroup: {fileID: 0}
  m_audioClip: {fileID: 8300000, guid: aced7dd50f7499243bce7be7cf10d4e9, type: 3}
  m_PlayOnAwake: 1
  m_Volume: 1
  m_Pitch: 1
  Loop: 1
  Mute: 0
  Spatialize: 0
  SpatializePostEffects: 0
  Priority: 128
  DopplerLevel: 1
  MinDistance: 1
  MaxDistance: 500
  Pan2D: 0
  rolloffMode: 0
  BypassEffects: 0
  BypassListenerEffects: 0
  BypassReverbZones: 0
  rolloffCustomCurve:
    serializedVersion: 2
    m_Curve:
    - serializedVersion: 3
      time: 0
      value: 1
      inSlope: 0
      outSlope: 0
      tangentMode: 0
      weightedMode: 0
      inWeight: 0.33333334
      outWeight: 0.33333334
    - serializedVersion: 3
      time: 1
      value: 0
      inSlope: 0
      outSlope: 0
      tangentMode: 0
      weightedMode: 0
      inWeight: 0.33333334
      outWeight: 0.33333334
    m_PreInfinity: 2
    m_PostInfinity: 2
    m_RotationOrder: 4
  panLevelCustomCurve:
    serializedVersion: 2
    m_Curve:
    - serializedVersion: 3
      time: 0
      value: 0
      inSlope: 0
      outSlope: 0
      tangentMode: 0
      weightedMode: 0
      inWeight: 0.33333334
      outWeight: 0.33333334
    m_PreInfinity: 2
    m_PostInfinity: 2
    m_RotationOrder: 4
  spreadCustomCurve:
    serializedVersion: 2
    m_Curve:
    - serializedVersion: 3
      time: 0
      value: 0
      inSlope: 0
      outSlope: 0
      tangentMode: 0
      weightedMode: 0
      inWeight: 0.33333334
      outWeight: 0.33333334
    m_PreInfinity: 2
    m_PostInfinity: 2
    m_RotationOrder: 4
  reverbZoneMixCustomCurve:
    serializedVersion: 2
    m_Curve:
    - serializedVersion: 3
      time: 0
      value: 1
      inSlope: 0
      outSlope: 0
      tangentMode: 0
      weightedMode: 0
      inWeight: 0.33333334
      outWeight: 0.33333334
    m_PreInfinity: 2
    m_PostInfinity: 2
    m_RotationOrder: 4
--- !u!1 &5551379093534579926
GameObject:
  m_ObjectHideFlags: 0
  m_CorrespondingSourceObject: {fileID: 0}
  m_PrefabInstance: {fileID: 0}
  m_PrefabAsset: {fileID: 0}
  serializedVersion: 6
  m_Component:
  - component: {fileID: 5551379093534579921}
  - component: {fileID: 5551379093534579923}
  - component: {fileID: 5551379093534579920}
  - component: {fileID: 5551379093534579922}
  m_Layer: 0
  m_Name: main_menu
  m_TagString: Untagged
  m_Icon: {fileID: 0}
  m_NavMeshLayer: 0
  m_StaticEditorFlags: 0
  m_IsActive: 1
--- !u!224 &5551379093534579921
RectTransform:
  m_ObjectHideFlags: 0
  m_CorrespondingSourceObject: {fileID: 0}
  m_PrefabInstance: {fileID: 0}
  m_PrefabAsset: {fileID: 0}
  m_GameObject: {fileID: 5551379093534579926}
  m_LocalRotation: {x: 0, y: 0, z: 0, w: 1}
  m_LocalPosition: {x: 0, y: 0, z: 6}
  m_LocalScale: {x: 0.08807784, y: 0.08807784, z: 0.08807784}
  m_Children:
  - {fileID: 8498042146872051930}
  - {fileID: 6168292102917727448}
  - {fileID: 8255469185770758200}
  - {fileID: 3935564852734657976}
  m_Father: {fileID: 0}
  m_RootOrder: 0
  m_LocalEulerAnglesHint: {x: 0, y: 0, z: 0}
  m_AnchorMin: {x: 0, y: 0}
  m_AnchorMax: {x: 0, y: 0}
  m_AnchoredPosition: {x: 0, y: 1.5999756}
  m_SizeDelta: {x: 200, y: 100}
  m_Pivot: {x: 0.5, y: 0.5}
--- !u!223 &5551379093534579923
Canvas:
  m_ObjectHideFlags: 0
  m_CorrespondingSourceObject: {fileID: 0}
  m_PrefabInstance: {fileID: 0}
  m_PrefabAsset: {fileID: 0}
  m_GameObject: {fileID: 5551379093534579926}
  m_Enabled: 1
  serializedVersion: 3
  m_RenderMode: 2
  m_Camera: {fileID: 0}
  m_PlaneDistance: 100
  m_PixelPerfect: 0
  m_ReceivesEvents: 1
  m_OverrideSorting: 0
  m_OverridePixelPerfect: 0
  m_SortingBucketNormalizedSize: 0
  m_AdditionalShaderChannelsFlag: 25
  m_SortingLayerID: 0
  m_SortingOrder: 0
  m_TargetDisplay: 0
--- !u!114 &5551379093534579920
MonoBehaviour:
  m_ObjectHideFlags: 0
  m_CorrespondingSourceObject: {fileID: 0}
  m_PrefabInstance: {fileID: 0}
  m_PrefabAsset: {fileID: 0}
  m_GameObject: {fileID: 5551379093534579926}
  m_Enabled: 1
  m_EditorHideFlags: 0
  m_Script: {fileID: 11500000, guid: 739800cd36aba44e9b04ce977e5784bd, type: 3}
  m_Name: 
  m_EditorClassIdentifier: 
  ignoreReversedGraphics: 1
  blockingObjects: 2
  blockingMask:
    serializedVersion: 2
    m_Bits: 4294967295
--- !u!114 &5551379093534579922
MonoBehaviour:
  m_ObjectHideFlags: 0
  m_CorrespondingSourceObject: {fileID: 0}
  m_PrefabInstance: {fileID: 0}
  m_PrefabAsset: {fileID: 0}
  m_GameObject: {fileID: 5551379093534579926}
  m_Enabled: 1
  m_EditorHideFlags: 0
  m_Script: {fileID: 1980459831, guid: f70555f144d8491a825f0804e09c671c, type: 3}
  m_Name: 
  m_EditorClassIdentifier: 
  m_UiScaleMode: 0
  m_ReferencePixelsPerUnit: 100
  m_ScaleFactor: 1
  m_ReferenceResolution: {x: 800, y: 600}
  m_ScreenMatchMode: 0
  m_MatchWidthOrHeight: 0
  m_PhysicalUnit: 3
  m_FallbackScreenDPI: 96
  m_DefaultSpriteDPI: 96
  m_DynamicPixelsPerUnit: 1
--- !u!1 &8114339577349229547
GameObject:
  m_ObjectHideFlags: 0
  m_CorrespondingSourceObject: {fileID: 0}
  m_PrefabInstance: {fileID: 0}
  m_PrefabAsset: {fileID: 0}
  serializedVersion: 6
  m_Component:
  - component: {fileID: 3935564852734657976}
  - component: {fileID: 7066673270875047516}
  - component: {fileID: 9186854035180058496}
  m_Layer: 0
  m_Name: vortex
  m_TagString: Untagged
  m_Icon: {fileID: 0}
  m_NavMeshLayer: 0
  m_StaticEditorFlags: 0
  m_IsActive: 1
--- !u!4 &3935564852734657976
Transform:
  m_ObjectHideFlags: 0
  m_CorrespondingSourceObject: {fileID: 0}
  m_PrefabInstance: {fileID: 0}
  m_PrefabAsset: {fileID: 0}
  m_GameObject: {fileID: 8114339577349229547}
  m_LocalRotation: {x: 0.70710677, y: -0, z: -0, w: 0.7071068}
  m_LocalPosition: {x: 0, y: -19, z: 304}
  m_LocalScale: {x: 168.0699, y: 852.8672, z: 168.0699}
  m_Children: []
  m_Father: {fileID: 5551379093534579921}
  m_RootOrder: 3
  m_LocalEulerAnglesHint: {x: 90.00001, y: 0, z: 0}
--- !u!33 &7066673270875047516
MeshFilter:
  m_ObjectHideFlags: 0
  m_CorrespondingSourceObject: {fileID: 0}
  m_PrefabInstance: {fileID: 0}
  m_PrefabAsset: {fileID: 0}
  m_GameObject: {fileID: 8114339577349229547}
  m_Mesh: {fileID: 10206, guid: 0000000000000000e000000000000000, type: 0}
--- !u!23 &9186854035180058496
MeshRenderer:
  m_ObjectHideFlags: 0
  m_CorrespondingSourceObject: {fileID: 0}
  m_PrefabInstance: {fileID: 0}
  m_PrefabAsset: {fileID: 0}
  m_GameObject: {fileID: 8114339577349229547}
  m_Enabled: 1
  m_CastShadows: 1
  m_ReceiveShadows: 1
  m_DynamicOccludee: 1
  m_MotionVectors: 1
  m_LightProbeUsage: 1
  m_ReflectionProbeUsage: 1
  m_RenderingLayerMask: 1
  m_RendererPriority: 0
  m_Materials:
  - {fileID: 2100000, guid: c7e6cbd6f53abbf44811b58dedad7718, type: 2}
  m_StaticBatchInfo:
    firstSubMesh: 0
    subMeshCount: 0
  m_StaticBatchRoot: {fileID: 0}
  m_ProbeAnchor: {fileID: 0}
  m_LightProbeVolumeOverride: {fileID: 0}
  m_ScaleInLightmap: 1
  m_PreserveUVs: 0
  m_IgnoreNormalsForChartDetection: 0
  m_ImportantGI: 0
  m_StitchLightmapSeams: 1
  m_SelectedEditorRenderState: 3
  m_MinimumChartSize: 4
  m_AutoUVMaxDistance: 0.5
  m_AutoUVMaxAngle: 89
  m_LightmapParameters: {fileID: 0}
  m_SortingLayerID: 0
  m_SortingLayer: 0
  m_SortingOrder: 0
--- !u!1001 &1906545764497759570
PrefabInstance:
  m_ObjectHideFlags: 0
  serializedVersion: 2
  m_Modification:
    m_TransformParent: {fileID: 5551379093534579921}
    m_Modifications:
    - target: {fileID: 602887513880205852, guid: c81effd8248cc6e4abbc41db0b4c0cd0,
        type: 3}
      propertyPath: m_Name
      value: game_logo
      objectReference: {fileID: 0}
    - target: {fileID: 8041868776245908872, guid: c81effd8248cc6e4abbc41db0b4c0cd0,
        type: 3}
      propertyPath: m_LocalPosition.x
      value: 0
      objectReference: {fileID: 0}
    - target: {fileID: 8041868776245908872, guid: c81effd8248cc6e4abbc41db0b4c0cd0,
        type: 3}
      propertyPath: m_LocalPosition.y
      value: 0
      objectReference: {fileID: 0}
    - target: {fileID: 8041868776245908872, guid: c81effd8248cc6e4abbc41db0b4c0cd0,
        type: 3}
      propertyPath: m_LocalPosition.z
      value: 0
      objectReference: {fileID: 0}
    - target: {fileID: 8041868776245908872, guid: c81effd8248cc6e4abbc41db0b4c0cd0,
        type: 3}
      propertyPath: m_LocalRotation.x
      value: 0
      objectReference: {fileID: 0}
    - target: {fileID: 8041868776245908872, guid: c81effd8248cc6e4abbc41db0b4c0cd0,
        type: 3}
      propertyPath: m_LocalRotation.y
      value: 0
      objectReference: {fileID: 0}
    - target: {fileID: 8041868776245908872, guid: c81effd8248cc6e4abbc41db0b4c0cd0,
        type: 3}
      propertyPath: m_LocalRotation.z
      value: 0
      objectReference: {fileID: 0}
    - target: {fileID: 8041868776245908872, guid: c81effd8248cc6e4abbc41db0b4c0cd0,
        type: 3}
      propertyPath: m_LocalRotation.w
      value: 1
      objectReference: {fileID: 0}
    - target: {fileID: 8041868776245908872, guid: c81effd8248cc6e4abbc41db0b4c0cd0,
        type: 3}
      propertyPath: m_RootOrder
      value: 0
      objectReference: {fileID: 0}
    - target: {fileID: 8041868776245908872, guid: c81effd8248cc6e4abbc41db0b4c0cd0,
        type: 3}
      propertyPath: m_LocalEulerAnglesHint.x
      value: 0
      objectReference: {fileID: 0}
    - target: {fileID: 8041868776245908872, guid: c81effd8248cc6e4abbc41db0b4c0cd0,
        type: 3}
      propertyPath: m_LocalEulerAnglesHint.y
      value: 0
      objectReference: {fileID: 0}
    - target: {fileID: 8041868776245908872, guid: c81effd8248cc6e4abbc41db0b4c0cd0,
        type: 3}
      propertyPath: m_LocalEulerAnglesHint.z
      value: 0
      objectReference: {fileID: 0}
    - target: {fileID: 8041868776245908872, guid: c81effd8248cc6e4abbc41db0b4c0cd0,
        type: 3}
      propertyPath: m_AnchoredPosition.x
      value: 0
      objectReference: {fileID: 0}
    - target: {fileID: 8041868776245908872, guid: c81effd8248cc6e4abbc41db0b4c0cd0,
        type: 3}
      propertyPath: m_AnchoredPosition.y
      value: 8.855
      objectReference: {fileID: 0}
    - target: {fileID: 8041868776245908872, guid: c81effd8248cc6e4abbc41db0b4c0cd0,
        type: 3}
      propertyPath: m_SizeDelta.x
      value: 200
      objectReference: {fileID: 0}
    - target: {fileID: 8041868776245908872, guid: c81effd8248cc6e4abbc41db0b4c0cd0,
        type: 3}
      propertyPath: m_SizeDelta.y
      value: 100
      objectReference: {fileID: 0}
    - target: {fileID: 8041868776245908872, guid: c81effd8248cc6e4abbc41db0b4c0cd0,
        type: 3}
      propertyPath: m_AnchorMin.x
      value: 0.5
      objectReference: {fileID: 0}
    - target: {fileID: 8041868776245908872, guid: c81effd8248cc6e4abbc41db0b4c0cd0,
        type: 3}
      propertyPath: m_AnchorMin.y
      value: 0.5
      objectReference: {fileID: 0}
    - target: {fileID: 8041868776245908872, guid: c81effd8248cc6e4abbc41db0b4c0cd0,
        type: 3}
      propertyPath: m_AnchorMax.x
      value: 0.5
      objectReference: {fileID: 0}
    - target: {fileID: 8041868776245908872, guid: c81effd8248cc6e4abbc41db0b4c0cd0,
        type: 3}
      propertyPath: m_AnchorMax.y
      value: 0.5
      objectReference: {fileID: 0}
    - target: {fileID: 8041868776245908872, guid: c81effd8248cc6e4abbc41db0b4c0cd0,
        type: 3}
      propertyPath: m_Pivot.x
      value: 0.5
      objectReference: {fileID: 0}
    - target: {fileID: 8041868776245908872, guid: c81effd8248cc6e4abbc41db0b4c0cd0,
        type: 3}
      propertyPath: m_Pivot.y
      value: 0.5
      objectReference: {fileID: 0}
    - target: {fileID: 8041868776245908872, guid: c81effd8248cc6e4abbc41db0b4c0cd0,
        type: 3}
      propertyPath: m_LocalScale.x
      value: 0.321464
      objectReference: {fileID: 0}
    - target: {fileID: 8041868776245908872, guid: c81effd8248cc6e4abbc41db0b4c0cd0,
        type: 3}
      propertyPath: m_LocalScale.y
      value: 0.321464
      objectReference: {fileID: 0}
    - target: {fileID: 8041868776245908872, guid: c81effd8248cc6e4abbc41db0b4c0cd0,
        type: 3}
      propertyPath: m_LocalScale.z
      value: 0.321464
      objectReference: {fileID: 0}
    - target: {fileID: 2412635234038626884, guid: c81effd8248cc6e4abbc41db0b4c0cd0,
        type: 3}
      propertyPath: m_AnchoredPosition.y
      value: -20
      objectReference: {fileID: 0}
    - target: {fileID: 6962617085977435539, guid: c81effd8248cc6e4abbc41db0b4c0cd0,
        type: 3}
      propertyPath: m_text
      value: ATTACK!
      objectReference: {fileID: 0}
    m_RemovedComponents: []
  m_SourcePrefab: {fileID: 100100000, guid: c81effd8248cc6e4abbc41db0b4c0cd0, type: 3}
--- !u!224 &8498042146872051930 stripped
RectTransform:
  m_CorrespondingSourceObject: {fileID: 8041868776245908872, guid: c81effd8248cc6e4abbc41db0b4c0cd0,
    type: 3}
  m_PrefabInstance: {fileID: 1906545764497759570}
  m_PrefabAsset: {fileID: 0}
--- !u!1001 &5551379094340627064
PrefabInstance:
  m_ObjectHideFlags: 0
  serializedVersion: 2
  m_Modification:
    m_TransformParent: {fileID: 5551379093534579921}
    m_Modifications:
    - target: {fileID: 1770012661001604769, guid: 5a6aefc413e3e0c43853e88ec9b1e345,
        type: 3}
      propertyPath: m_Name
      value: begin_game_button
      objectReference: {fileID: 0}
    - target: {fileID: 1770012661001604768, guid: 5a6aefc413e3e0c43853e88ec9b1e345,
        type: 3}
      propertyPath: m_LocalPosition.x
      value: 0
      objectReference: {fileID: 0}
    - target: {fileID: 1770012661001604768, guid: 5a6aefc413e3e0c43853e88ec9b1e345,
        type: 3}
      propertyPath: m_LocalPosition.y
      value: 0
      objectReference: {fileID: 0}
    - target: {fileID: 1770012661001604768, guid: 5a6aefc413e3e0c43853e88ec9b1e345,
        type: 3}
      propertyPath: m_LocalPosition.z
      value: -0.09
      objectReference: {fileID: 0}
    - target: {fileID: 1770012661001604768, guid: 5a6aefc413e3e0c43853e88ec9b1e345,
        type: 3}
      propertyPath: m_LocalRotation.x
      value: 0
      objectReference: {fileID: 0}
    - target: {fileID: 1770012661001604768, guid: 5a6aefc413e3e0c43853e88ec9b1e345,
        type: 3}
      propertyPath: m_LocalRotation.y
      value: 0
      objectReference: {fileID: 0}
    - target: {fileID: 1770012661001604768, guid: 5a6aefc413e3e0c43853e88ec9b1e345,
        type: 3}
      propertyPath: m_LocalRotation.z
      value: 0
      objectReference: {fileID: 0}
    - target: {fileID: 1770012661001604768, guid: 5a6aefc413e3e0c43853e88ec9b1e345,
        type: 3}
      propertyPath: m_LocalRotation.w
      value: 1
      objectReference: {fileID: 0}
    - target: {fileID: 1770012661001604768, guid: 5a6aefc413e3e0c43853e88ec9b1e345,
        type: 3}
      propertyPath: m_RootOrder
      value: 1
      objectReference: {fileID: 0}
    - target: {fileID: 1770012661001604768, guid: 5a6aefc413e3e0c43853e88ec9b1e345,
        type: 3}
      propertyPath: m_LocalEulerAnglesHint.x
      value: 0
      objectReference: {fileID: 0}
    - target: {fileID: 1770012661001604768, guid: 5a6aefc413e3e0c43853e88ec9b1e345,
        type: 3}
      propertyPath: m_LocalEulerAnglesHint.y
      value: 0
      objectReference: {fileID: 0}
    - target: {fileID: 1770012661001604768, guid: 5a6aefc413e3e0c43853e88ec9b1e345,
        type: 3}
      propertyPath: m_LocalEulerAnglesHint.z
      value: 0
      objectReference: {fileID: 0}
    - target: {fileID: 1770012661001604768, guid: 5a6aefc413e3e0c43853e88ec9b1e345,
        type: 3}
      propertyPath: m_AnchoredPosition.x
      value: 0
      objectReference: {fileID: 0}
    - target: {fileID: 1770012661001604768, guid: 5a6aefc413e3e0c43853e88ec9b1e345,
        type: 3}
      propertyPath: m_AnchoredPosition.y
      value: -9.3
      objectReference: {fileID: 0}
    - target: {fileID: 1770012661001604768, guid: 5a6aefc413e3e0c43853e88ec9b1e345,
        type: 3}
      propertyPath: m_SizeDelta.x
      value: 30
      objectReference: {fileID: 0}
    - target: {fileID: 1770012661001604768, guid: 5a6aefc413e3e0c43853e88ec9b1e345,
        type: 3}
      propertyPath: m_SizeDelta.y
      value: 8
      objectReference: {fileID: 0}
    - target: {fileID: 1770012661001604768, guid: 5a6aefc413e3e0c43853e88ec9b1e345,
        type: 3}
      propertyPath: m_AnchorMin.x
      value: 0.5
      objectReference: {fileID: 0}
    - target: {fileID: 1770012661001604768, guid: 5a6aefc413e3e0c43853e88ec9b1e345,
        type: 3}
      propertyPath: m_AnchorMin.y
      value: 0.5
      objectReference: {fileID: 0}
    - target: {fileID: 1770012661001604768, guid: 5a6aefc413e3e0c43853e88ec9b1e345,
        type: 3}
      propertyPath: m_AnchorMax.x
      value: 0.5
      objectReference: {fileID: 0}
    - target: {fileID: 1770012661001604768, guid: 5a6aefc413e3e0c43853e88ec9b1e345,
        type: 3}
      propertyPath: m_AnchorMax.y
      value: 0.5
      objectReference: {fileID: 0}
    - target: {fileID: 1770012661001604768, guid: 5a6aefc413e3e0c43853e88ec9b1e345,
        type: 3}
      propertyPath: m_Pivot.x
      value: 0.5
      objectReference: {fileID: 0}
    - target: {fileID: 1770012661001604768, guid: 5a6aefc413e3e0c43853e88ec9b1e345,
        type: 3}
      propertyPath: m_Pivot.y
      value: 0.5
      objectReference: {fileID: 0}
    m_RemovedComponents: []
  m_SourcePrefab: {fileID: 100100000, guid: 5a6aefc413e3e0c43853e88ec9b1e345, type: 3}
--- !u!224 &6168292102917727448 stripped
RectTransform:
  m_CorrespondingSourceObject: {fileID: 1770012661001604768, guid: 5a6aefc413e3e0c43853e88ec9b1e345,
    type: 3}
  m_PrefabInstance: {fileID: 5551379094340627064}
  m_PrefabAsset: {fileID: 0}
